@Article{gao1987,
	author = {高景德 and 王祥珩},
	title = {交流电机的多回路理论},
	journal = {清华大学学报},
	year = {1987},
	volume = {27},
	number = {1},
	pages = {1-8},
}

@Book{zhang1989,
	author = {张志建},
	title  = {严复思想研究},
	publisher = {广西师范大学出版社},
	year = {1989},
	address = {桂林},
}

@article{Brown1984,
	AUTHOR =       {Brown, W.~C.},
	TITLE =        {The History of Power Transmission by Radio Waves},
	JOURNAL =      {IEEE Trans. on Microwave Theory and Techniques},
	YEAR =         {1984},
	volume =       {32},
	number =       {9},
	pages =        {1230-1242},
}

@Article{XmDeng2007,
	author = {邓小明 and 吴福朝 and 吴毅红},
	title = {一种反射折射摄像机的简易标定方法},
	journal = {自动化学报},
	year = {2007},
	volume = {33},
	number = {8},
	pages = {801--808},
	doi = {10.1360/aas-007-0801},
}


@article{ZHY2017RS,
	title={{R/S} analysis of reaction time in {Neuron Type Test} for human activity in civil aviation},
	author={Zhang, H. Y.  and  Kang, M. C.  and  Li, J. Q.  and  Liu, H. T. },
	journal={Physica A: Statistical Mechanics \& Its Applications},
	volume={469},
	number={3},
	pages={859-870},
	year={2017},
}

@article{ZHY2012manifold,
	author = {Zhang, Hong-Yan and Li, Tuo-Tuo and Geng, Jason},
	year = {2012},
	pages = {80-98},
	title = {Manifold Modeling and Its Application to Tubular Scene Manifold Mosaicing Algorithm},
	volume = {44},
	number = {1},
	journal = {Journal of Mathematical Imaging and Vision},
	doi = {10.1007/s10851-011-0312-0}
}

@Article{Wing2006CT,
	author={Wing, Jeannette M.},
	title = {Computational Thinking},
	journal = {Communications of the ACM},
	year = {2006},
	volume = {49},
	number = {3},
	pages = {33-35},
}

@InProceedings{Geyer1999,
	author = {Geyer, C. and Daniilidis, K. 1999},
	title = {Catadioptric camera calibration},
	booktitle = {The 7th International Conference on Computer Vision},
	pages = {398--404},
	year = {1999},
	volume = {1},
	address = {Kerkyra, Greece},
	publisher = {IEEE Computer Society Press},
}

@inproceedings{Branislav2004,
	author = {Micusik, Branislav and Pajdla, Tomas},
	year = {2004},
	month = {01},
	pages = {I-58 },
	title = {{Autocalibration \& 3D reconstruction with non-central catadioptric cameras}},
	volume = {1},
	isbn = {0-7695-2158-4},
	booktitle = {Proceedings of the IEEE Computer Society Conference on Computer Vision and Pattern Recognition},
	doi = {10.1109/CVPR.2004.1315014},
}

@book{ZHY2022,
	author ={张鸿燕},
	title  ={多视点图像的二维与三维场景建模: 流形建模与Cayley方法的原理及应用},
	year   ={2022},
	publisher = {科学出版社},
	address = {北京},
}

@online{SFMedu,
	title={{SFMedu: A Structure from Motion System for Education}},
	author={J.-X. Xiao},
	year = {2013},
	url = {http://3dvision.princeton.edu/courses/SFMedu/},
	urldate={Available on 2021-04-10},	
}

@online{OpenMVS,
	title = {{OpenMVS: open Multi-View Stereo reconstruction library}},
	url ={https://cdcseacave.github.io/openMVS/},
	urldate={Available on 2021-04-10},
}

@online{HainnuThesis,
	title={海南师范大学学位论文LaTeX模板2.x版},
	author={张鸿燕 and 陈潇},
	year = {2022},
	url = {https://gitee.com/jitianxu/hainnu-thesis},
	urldate={Available on 2022-02-21},	
}

@misc{Moiseev2008EllipFun,
	author = {I. Moiseev},
	title = {Elliptic functions for {MATLAB} and {Octave}},
	year = {2008},
	publisher = {GitHub},
	journal = {GitHub repository},
	howpublished = {\url{https://github.com/moiseevigor/elliptic}},
	commit = {98181c4c0d8992746bcc6bea75740bb11b74b51b},
	doi = {10.5281/zenodo.48264},
	url = {http://dx.doi.org/10.5281/zenodo.48264},
}

@MastersThesis{ZHY2002,
	author = {张鸿燕},
	title = {量子通信理论研究},
	type = {硕士},
	address = {西安},
	institution = {西安电子科技大学},
	year = {2003},
}

@MastersThesis{lzj-zhy-MS-thesis-2018,
	author = {罗家祯},
	title  = {惯性视觉里程计中的跟踪与定位方法研究},
	type   ={硕士学位论文},
	address = {天津},
	school = {中国民航大学},
	year   = {2018},
}



@MastersThesis{zls-zhy-MS-thesis-2016,
	author = {周璐莎},
	title  = {大尺度场景的同步定位与地图构建},
	type = {硕士学位论文},
	address = {天津},
	school = {中国民航大学},
	year = {2016},    
}


@PhdThesis{zhy-2011-disertation,
	author = {张鸿燕},
	title =  {基于视频图像的三维建模方法与系统——消化道三维建模方法与应用研究},
	type ={博士学位论文},
	address={北京},
	school = {中国科学院大学/中国科学院自动化研究所},
	year = {2011},
}


@PhdThesis{ZHY2011,
	author = {M. Xue},
	title = {{Real Time Terminal Area Trajectory Planning for Runway Independent Aircraft}},
	type = {PhD dissertation},
	institution = {University of Maryland},
	year = {2006},
	language = {English},
}

@PhdThesis{Xue2006,
	author = {M. Xue},
	title = {{Real Time Terminal Area Trajectory Planning for Runway Independent Aircraft}},
	type = {PhD dissertation},
	institution = {University of Maryland},
	year = {2006},
	language = {English},
}


@Book{CDIO2014,
	author = {Edward F. Crawley and Johan Malmqvist and Sören Östlund and Doris R. Brodeur and Kristina Edström},
	title = {{Rethinking Engineering Education: The CDIO Approach}},
	publisher = {Springer},
	edition = {second},
	year = {2014},
	address = {New York},
}

@TECHREPORT{Sussman2005,
	author =       {G. J. Sussman and J. Wisdom},
	title =        {Functional Differential Geometry},
	institution =  {{Computer Science and Artificial Intelligence Laboratory, MIT}},
	year =         {2005},
	number =       {AIM-2005-003},
}


@patent{LongMA2015P,
	author = {马龙 and 王丹 and 张鸿燕 and 苏志刚 and 张亚娟},
	title = {一种基于光学无损检测的微结构低重叠度三维拼接方法},
	number = {201510128067.8},
	year = {2015},
}

@book{80-8book,
	author = {王文英 and 张卿华},
	title = {人的神经类型研究——80-8 神经类型测验量表法},
	date = {2017},
	publisher = {苏州大学出版社},
	location = {苏州},
}

@article{zhang2017r,
	title={R/S analysis of reaction time in Neuron Type Test for human activity in civil aviation},
	author={Zhang, Hong-Yan and Kang, Ming-Cui and Li, Jing-Qiang and Liu, Hai-Tao},
	journal={Physica A: Statistical Mechanics and Its Applications},
	volume={469},
	pages={859--870},
	year={2017},
	publisher={Elsevier}
}

@article{li2018systematic,
	title={Systematic assessment of intrinsic factors influencing visual attention performances in air traffic control via clustering algorithm and statistical inference},
	author={Li, Jing-Qiang and Zhang, Hong-Yan and Zhang, Yan and Liu, Hai-Tao},
	journal={Plos one},
	volume={13},
	number={10},
	pages={e0205334},
	year={2018},
	publisher={Public Library of Science San Francisco, CA USA}
}

@InProceedings{80-8original,
	author={王文英},
	title={《80.8 神经类型测试表》的设计和应用},
	booktitle={中国心理学会第三次会员代表大会及建会 60 周年学术会议（全国第四届心理学学术会议）文摘选集 (下)},
	pages={197-199},
	publisher={中国心理学会},
	year={1981},
	address={北京},
}

@article{wang198380,
	title={关于 “80.8” 神经类型测试表的设计机理, 测试及评定方法},
	author={王文英 and 张卿华},
	journal={体育科学},
	number={1},
	pages={69--72},
	year={1983}
}